<?xml version="1.0" encoding="UTF-8"?><collection xmlns="http://www.loc.gov/MARC21/slim"><record><leader>00567nam--2200181-u-4500</leader><controlfield tag="001">000051281</controlfield><controlfield tag="002">20161230</controlfield><controlfield tag="005">20161230201049</controlfield><controlfield tag="008">080610s1000------------r-----000-0-rum-d</controlfield><datafield ind1=" " ind2=" " tag="040"><subfield code="a">IFIN-HH</subfield></datafield><datafield ind1=" " ind2=" " tag="041"><subfield code="a">rum</subfield></datafield><datafield ind1="1" ind2=" " tag="100"><subfield code="a">Galbura, Gh. ; Popp, Simona ; Ionescu Tiu, Constantin</subfield></datafield><datafield ind1="1" ind2="0" tag="245"><subfield code="a">Curs de geometrie analitica in spatiu</subfield><subfield code="c">Gh. Galbura; Simona Pop; Constantin Ionescu Tiu</subfield></datafield><datafield ind1=" " ind2=" " tag="260"><subfield code="a">Bucuresti</subfield><subfield code="b">Litografia Ministerului Invatamantului</subfield><subfield code="c">1955</subfield></datafield><datafield ind1=" " ind2=" " tag="300"><subfield code="a">151 p</subfield></datafield><datafield ind1="1" ind2=" " tag="700"><subfield code="a">Constantin Ionescu Tiu</subfield></datafield><datafield ind1=" " ind2=" " tag="852"><subfield code="a">4353</subfield><subfield code="c">515/516</subfield></datafield><datafield ind1=" " ind2=" " tag="CAT"><subfield code="a">Sys</subfield><subfield code="c">20101216</subfield><subfield code="h">111922</subfield></datafield></record></collection>